@article{oreilly2000,
title={Ocean color chlorophyll a algorithms for SeaWiFS, OC2, and OC4: Version 4},
  author={O’Reilly, John E and Maritorena, Stephane and Siegel, David A and O’Brien, Margaret C and Toole, Dierdre and Mitchell, B Greg and Kahru, Mati and Chavez, Francisco P and Strutton, P and Cota, Glenn F and others},
  journal={SeaWiFS postlaunch calibration and validation analyses, Part},
  volume={3},
  pages={9--23},
  year={2000}
}

@article{oreilly1998,
author = {O'Reilly, John E. and Maritorena, Stéphane and Mitchell, B. Greg and Siegel, David A. and Carder, Kendall L. and Garver, Sara A. and Kahru, Mati and McClain, Charles},
title = {Ocean color chlorophyll algorithms for SeaWiFS},
journal = {Journal of Geophysical Research: Oceans},
volume = {103},
number = {C11},
pages = {24937-24953},
doi = {https://doi.org/10.1029/98JC02160},
url = {https://agupubs.onlinelibrary.wiley.com/doi/abs/10.1029/98JC02160},
eprint = {https://agupubs.onlinelibrary.wiley.com/doi/pdf/10.1029/98JC02160},
year = {1998}
}
@article{oreilly2019,
title = {Chlorophyll algorithms for ocean color sensors - OC4, OC5 & OC6},
journal = {Remote Sensing of Environment},
volume = {229},
pages = {32-47},
year = {2019},
issn = {0034-4257},
doi = {https://doi.org/10.1016/j.rse.2019.04.021},
url = {https://www.sciencedirect.com/science/article/pii/S003442571930166X},
author = {John E. O'Reilly and P. Jeremy Werdell},
keywords = {Satellite remote sensing, Ocean color, Bio-optical algorithms, Ocean optics, Chlorophyll-},
}

@article{hu2012novel,
  author = {Hu, Chuanmin and Lee, Zhongping and Franz, Bryan},
  title = {Chlorophyll aalgorithms for oligotrophic oceans: A novel approach based on three-band reflectance difference},
  journal = {Journal of Geophysical Research: Oceans},
  volume = {117},
  number = {C1},
  pages = {},
  keywords = {atmospheric correction, bio-optical inversion, chlorophyll a, climate data record, noise reduction, ocean color},
  doi = {https://doi.org/10.1029/2011JC007395},
  year = {2012}
}

@article{hu2019improving,
  author = {Hu, Chuanmin and Feng, Lian and Lee, Zhongping and Franz, Bryan A. and Bailey, Sean W. and Werdell, P. Jeremy and Proctor, Christopher W.},
title = {Improving Satellite Global Chlorophyll a Data Products Through Algorithm Refinement and Data Recovery},
journal = {Journal of Geophysical Research: Oceans},
volume = {124},
number = {3},
pages = {1524-1543},
keywords = {ocean color, chlorophyll, algorithm, OCI, straylight, climate data record},
doi = {https://doi.org/10.1029/2019JC014941},
year = {2019}
}


@article{chipman2010bart,
  title = {BART: Bayesian Additive Regression Trees},
  author = {Chipman, Hugh A. and George, Edward I. and McCulloch, Robert E.},
  journal = {The Annals of Applied Statistics},
  volume = {4},
  number = {1},
  pages = {266--298},
  year = {2010},
  publisher = {Institute of Mathematical Statistics},
  doi = {10.1214/09-AOAS285}
}